% Encoding: windows-1252
@Electronic{Bogusz2020,
  author       = {Mateusz Bogusz},
  title        = {ERC student rules},
  url          = {https://drive.google.com/file/d/1QK-eHO4zAySQ9jRCbzsc9qRgN-F9gWtm/view},
  howpublished = {\url{https://drive.google.com/file/d/1QK-eHO4zAySQ9jRCbzsc9qRgN-F9gWtm/view}},
  owner        = {ERC},
  timestamp    = {2020.01.17},
  year         = {2020},
}

@Electronic{ROS2017,
  author       = {ROS},
  date         = {2017-05-23},
  howpublished = {\url{https://www.can-cia.org/can-knowledge/canopen/canopen-lower-layers/}},
  title        = {History},
  url          = {https://www.can-cia.org/can-knowledge/canopen/canopen-lower-layers/},
  organization = {ROS},
}

@Electronic{ROS2009,
  author       = {ROS},
  date         = {2009-02-02},
  howpublished = {\url{https://wiki.ros.org/ROS/Introduction}},
  title        = {Introduction},
  url          = {https://wiki.ros.org/ROS/Introduction},
  organization = {ROS},
}

@Electronic{ROS2009a,
  author       = {ROS},
  date         = {2009-08-31},
  howpublished = {\url{https://wiki.ros.org/ROS/Tutorials/UnderstandingNodes}},
  title        = {Understanding ROS nodes},
  url          = {https://wiki.ros.org/ROS/Tutorials/UnderstandingNodes},
  organization = {ROS},
}

@Electronic{ROS2019,
  author       = {ROS},
  date         = {2019-01-13},
  howpublished = {\url{https://wiki.ros.org/msg}},
  title        = {msg},
  url          = {https://wiki.ros.org/msg},
}

@Electronic{ROS2017a,
  author       = {ROS},
  date         = {2017-07-01},
  howpublished = {\url{https://wiki.ros.org/Services}},
  title        = {services},
  url          = {https://wiki.ros.org/Services},
}

@Electronic{ROS2018,
  author       = {ROS},
  date         = {2018-05-16},
  howpublished = {\url{https://wiki.ros.org/rviz}},
  title        = {rViz},
  url          = {https://wiki.ros.org/rviz},
}

@Electronic{ROS2017b,
  author       = {ROS},
  date         = {2017-02-26},
  howpublished = {\url{https://wiki.ros.org/catkin}},
  title        = {catkin},
  url          = {https://wiki.ros.org/catkin},
}

@Electronic{CiA,
  author       = {CiA},
  editor       = {CiA},
  howpublished = {\url{https://www.can-cia.org/can-knowledge/can/can-history/}},
  title        = {History of CAN technology},
  url          = {https://www.can-cia.org/can-knowledge/can/can-history/},
  organization = {CiA},
}

@Electronic{FlorianHartwich2017,
  author       = {Florian Hartwich, Robert Bosch},
  date         = {2017-01-01},
  howpublished = {\url{https://can-newsletter.org/uploads/media/raw/5f93ddcc3d04ff5d437a472f76c27af3.pdf}},
  title        = {The dawn of CAN},
  url          = {https://can-newsletter.org/uploads/media/raw/5f93ddcc3d04ff5d437a472f76c27af3.pdf},
  journaltitle = {CAN newsletter},
}

@Electronic{2002,
  author       = {Pat richards},
  date         = {2002},
  howpublished = {\url{http://ww1.microchip.com/downloads/en/AppNotes/00228a.pdf}},
  title        = {A CAN physical layer discussion},
  url          = {http://ww1.microchip.com/downloads/en/AppNotes/00228a.pdf},
  institution  = {Microchip technology inc.},
  type         = {techreport},
}

@Electronic{2020,
  author       = {Css Electronics},
  date         = {2020},
  howpublished = {\url{https://www.csselectronics.com/screen/page/simple-intro-to-can-bus/language/en}},
  title        = {CAN bus explained},
  url          = {https://www.csselectronics.com/screen/page/simple-intro-to-can-bus/language/en},
}

@Electronic{CiA2020,
  author       = {CiA},
  date         = {2020},
  editor       = {CiA},
  howpublished = {\url{https://can-cia.org/can-knowledge/can/can-data-link-layers/}},
  title        = {CAN data lynk layer in some detail},
  url          = {https://can-cia.org/can-knowledge/can/can-data-link-layers/},
}

@Electronic{Electronics2020,
  author       = {Css Electronics},
  date         = {2020},
  howpublished = {\url{https://www.csselectronics.com/screen/page/canopen-tutorial-simple-intro/language/en}},
  title        = {CANopen explained, a simple intro},
  url          = {https://www.csselectronics.com/screen/page/canopen-tutorial-simple-intro/language/en},
}

@Manual{Cia2002,
  author = {Cia},
  date   = {2002-07},
  title  = {CiA DSP 402 V 2.0},
}

@Manual{Microphase2017,
  author = {Microphase},
  date   = {2017-03},
  title  = {Control Registers: Documentazione per le reti S-Net e S-CAN},
}

@Manual{Microphase2003,
  author = {Microphase},
  date   = {2003-10},
  title  = {CANopen Additional Information},
}

@Electronic{UPboard,
  author       = {UP-board},
  howpublished = {\url{https://up-board.org/wp-content/uploads/datasheets/UP-core-DatasheetV0.3.pdf}},
  title        = {Up Core Plus Specifications},
  url          = {https://up-board.org/wp-content/uploads/datasheets/UP-core-DatasheetV0.3.pdf},
}

@Electronic{UPboard2020,
  author       = {UP-board},
  date         = {2020},
  howpublished = {\url{https://up-board.org/upcore/specifications/}},
  title        = {UP core plus},
  url          = {https://up-board.org/upcore/specifications/},
  organization = {UP-board},
}

@Manual{CiA2011,
  author    = {CiA},
  date      = {2011-02-21},
  editor    = {CiA},
  title     = {CiA 301, CANopen application layer and communication profile},
  publisher = {Can in automation},
}

@Report{Boterenbrood2005,
  author      = {H. Boterenbrood},
  date        = {2005-11-15},
  institution = {NIKHEF, Amsterdam},
  title       = {CANopenhigh-level protocol for CAN-bus},
  type        = {techreport},
}

@Manual{Siboni2018,
  author = {Siboni},
  date   = {2018-03-23},
  title  = {Istruzioni Drive Watcher ver. 4.07},
}

@Manual{Microphase,
  author = {Microphase},
  title  = {Micro One Digital, Manuale di Istruzione},
}

@Manual{PEAK2020,
  author = {PEAK},
  date   = {2020-06},
  title  = {PCAN Driver for Linux v8},
}

@Electronic{kacanopen2016,
  author       = {kacanopen},
  date         = {2016},
  howpublished = {\url{https://kitmedical.github.io/kacanopen/md_doc_Installation.html}},
  title        = {Buid instructions},
  url          = {https://kitmedical.github.io/kacanopen/md_doc_Installation.html},
}

@Electronic{KITmedical2016,
  author       = {KITmedical},
  date         = {2016},
  howpublished = {\url{https://kitmedical.github.io/kacanopen/md_doc_Installation.html}},
  title        = {kacanopen},
  url          = {https://kitmedical.github.io/kacanopen/md_doc_Installation.html},
}

@Electronic{rosindustrial2020,
  author       = {ros-industrial},
  date         = {2020},
  howpublished = {\url{https://rosindustrial.org/}},
  title        = {ROS INDUSTRIAL},
  url          = {https://rosindustrial.org/},
}

@Electronic{ros_canopen2015,
  author       = {ros canopen},
  date         = {2015},
  note         = "\url{https://wiki.ros.org/action/info/ros_canopen?action=info}",
  title        = {Package Summary},
  url          = {https://wiki.ros.org/action/info/ros_canopen?action=info},
}

@Electronic{ROS2020,
  author       = {ROS},
  date         = {2020},
  note         = "\url{https://wiki.ros.org/ros_control}",
  title        = {ros control},
  url          = {https://wiki.ros.org/ros_control},
}

@Manual{Siboni2020,
  author = {Siboni},
  date   = {2020},
  title  = {ProPlanet servomotori brushless},
}

@Manual{Microphase2020,
  author = {Microphase},
  date   = {2020},
  title  = {Datasheet MicroDigitalOne},
}

@Manual{PEAK2019,
  author = {PEAK},
  date   = {2019-05-03},
  title  = {PCAN-usb user manual},
}

@Manual{MicrophaseInterface,
  author = {Microphase},
  title  = {Micro Digital One interface},
}

@Comment{jabref-meta: databaseType:biblatex;}
